@article{ahn2009adaptive,
  title={Adaptive moment-of-fluid method},
  author={Ahn, Hyung Taek and Shashkov, Mikhail},
  journal={Journal of Computational Physics},
  volume={228},
  number={8},
  pages={2792--2821},
  year={2009},
  publisher={Elsevier}
}

@article{dawes2013solving,
  title={Solving the diffusion equation on a non-aligned mesh},
  author={Dawes, Alan S},
  journal={Computers \& Fluids},
  volume={83},
  pages={77--89},
  year={2013},
  publisher={Elsevier}
}

@book{gross2011numerical,
  title={Numerical methods for two-phase incompressible flows},
  author={Gross, Sven and Reusken, Arnold},
  volume={40},
  year={2011},
  publisher={Springer Science \& Business Media}
}

@article{kikinzon2017approximate,
  title={Approximate static condensation algorithm for solving multi-material diffusion problems on meshes non-aligned with material interfaces},
  author={Kikinzon, Evgeny and Kuznetsov, Yuri and Lipnikov, Konstatin and Shashkov, Mikhail},
  journal={Journal of Computational Physics},
  volume={347},
  pages={416--436},
  year={2017},
  publisher={Elsevier}
}

@article{lipnikov2014mimetic,
  title={Mimetic finite difference method},
  author={Lipnikov, Konstantin and Manzini, Gianmarco and Shashkov, Mikhail},
  journal={Journal of Computational Physics},
  volume={257},
  pages={1163--1227},
  year={2014},
  publisher={Elsevier}
}

@article{hirt1981volume,
  title={Volume of fluid (VOF) method for the dynamics of free boundaries},
  author={Hirt, Cyril W and Nichols, Billy D},
  journal={Journal of computational physics},
  volume={39},
  number={1},
  pages={201--225},
  year={1981},
  publisher={Elsevier}
}

@article{peskin2002immersed,
  title={The immersed boundary method},
  author={Peskin, Charles S},
  journal={Acta numerica},
  volume={11},
  pages={479--517},
  year={2002},
  publisher={Cambridge University Press}
}

@book{sethian1999level,
  title={Level set methods and fast marching methods: evolving interfaces in computational geometry, fluid mechanics, computer vision, and materials science},
  author={Sethian, James Albert},
  volume={3},
  year={1999},
  publisher={Cambridge university press}
}

@article{belytschko2009review,
  title={A review of extended/generalized finite element methods for material modeling},
  author={Belytschko, Ted and Gracie, Robert and Ventura, Giulio},
  journal={Modelling and Simulation in Materials Science and Engineering},
  volume={17},
  number={4},
  pages={043001},
  year={2009},
  publisher={IOP Publishing}
}

@article{burman2015cutfem,
  title={CutFEM: discretizing geometry and partial differential equations},
  author={Burman, Erik and Claus, Susanne and Hansbo, Peter and Larson, Mats G and Massing, Andr{\'e}},
  journal={International Journal for Numerical Methods in Engineering},
  volume={104},
  number={7},
  pages={472--501},
  year={2015},
  publisher={Wiley Online Library}
}

@book{MFDbook,
  title={The mimetic finite difference method for elliptic problems},
  author={da Veiga, Louren{\c{c}}o Beirao and Lipnikov, Konstantin and Manzini, Gianmarco},
  volume={11},
  year={2014},
  publisher={Springer}
}

@article{mortar,
  title={The mortar finite element method with Lagrange multipliers},
  author={Belgacem, Faker Ben},
  journal={Numerische Mathematik},
  volume={84},
  number={2},
  pages={173--197},
  year={1999},
  publisher={Springer}
}

@book{olshanskii2014iterative,
  title={Iterative methods for linear systems: theory and applications},
  author={Olshanskii, Maxim A and Tyrtshnikov, Eugene E},
  volume={138},
  year={2014},
  publisher={SIAM}
}
